@article{AndClark,
  title={Fitting spending functions},
  author={Anderson, Keaven M and Clark, Jason B},
  journal={Statistics in medicine},
  volume={29},
  number={3},
  pages={321--327},
  year={2010},
  publisher={Wiley Online Library}
}

@article{binneman20086,
  title     = {A 6-week randomized, placebo-controlled trial of {CP-316,311} (a selective ${CRH}_{1}$ antagonist) in the treatment of major depression},
  author    = {Binneman, Brendon and Feltner, Douglas and Kolluri, Sheela and Shi, Yuanjun and Qiu, Ruolun and Stiger, Thomas},
  journal   = {American Journal of Psychiatry},
  volume    = {165},
  number    = {5},
  pages     = {617--620},
  year      = {2008},
  publisher = {Am Psychiatric Assoc}
}

@article{Bretz2009,
  author  = {Frank Bretz and Willi Maurer and Martin Posch},
  title   = {A graphical approach to sequentially rejective multiple test procedures},
  journal = {Statistics in Medicine},
  year    = {2009},
  volume  = {28},
  pages   = {586--604}
}

@article{Bretz2011,
  title     = {Graphical approaches for multiple comparison procedures using weighted Bonferroni, Simes or parametric tests},
  author    = {Frank Bretz and Martin Posch and Ekkehard Glimm and Florian Klinglmueller and Willi Maurer and Kornelius Rohmeyer},
  journal   = {Biometrical Journal},
  year      = {2011},
  publisher = {Wiley},
  volume    = {53},
  number    = {6},
  pages     = {894--913}
}

@article{CAPTURE,
  title   = {Randomized placebo-controlled trial of abciximab before and during coronary intervention in refractory unstable angina: the {CAPTURE} study},
  author  = {{The CAPTURE Investigators}},
  journal = {Lancet},
  volume  = {349},
  number  = {9063},
  pages   = {1429--1435},
  year    = {1997}
}

@article{ChanBohidar,
  title     = {Exact power and sample size for vaccine efficacy studies},
  author    = {Chan, Ivan SF and Bohidar, Norman R},
  journal   = {Communications in Statistics-Theory and Methods},
  volume    = {27},
  number    = {6},
  pages     = {1305--1322},
  year      = {1998},
  publisher = {Taylor \& Francis}
}

@article{deCastro2010,
  title     = {A hands-on approach for fitting long-term survival models under the GAMLSS framework},
  author    = {De Castro, Mario and Cancho, Vicente G and Rodrigues, Josemar},
  journal   = {Computer Methods and Programs in Biomedicine},
  volume    = {97},
  number    = {2},
  pages     = {168--177},
  year      = {2010},
  publisher = {Elsevier}
}

@techreport{EMA2011,
  title = {Reflection Paper on Methodological Issues in Confirmatory Clinical Trials with Flexible Design and Analysis Plan},
  author = {{European Medicines Agency}},
  year = {2011},
  type = {Guideline},
  number = {EMA/838713/2011},
  url = {https://www.ema.europa.eu/en/documents/scientific-guideline/reflection-paper-methodological-issues-confirmatory-clinical-trials-flexible-design-analysis-plan_en.pdf}
}

@misc{FDA2019adaptive,
  title = {Adaptive Design Clinical Trials for Drugs and Biologics: Guidance for Industry},
  author = {{US Food and Drug Administration}},
  year = {2019},
  url = {https://www.fda.gov/media/78495/download}
}

@manual{gMCP,
  title  = {{gMCP}: Graph Based Multiple Test Procedures},
  author = {Kornelius Rohmeyer and Florian Klinglmueller},
  year   = {2018},
  note   = {R package version 0.8-14},
  url    = {https://cran.r-project.org/package=gMCP}
}

@article{HwangShihDeCani,
  title     = {Group sequential designs using a family of type I error probability spending functions},
  author    = {Hwang, Irving K and Shih, Weichung J and De Cani, John S},
  journal   = {Statistics in Medicine},
  volume    = {9},
  number    = {12},
  pages     = {1439--1445},
  year      = {1990},
  publisher = {Wiley Online Library}
}

@book{JTBook,
  author    = {Jennison, Christopher and Turnbull, Bruce W.},
  title     = {Group Sequential Methods with Applications to Clinical Trials},
  publisher = {Chapman and Hall/CRC},
  address   = {Boca Raton, FL},
  year      = {2000}
}

@article{Kalbfleisch1981,
  title   = {Estimation of the average hazard ratio},
  author  = {Kalbfleisch, John D and Prentice, Ross L},
  journal = {Biometrika},
  volume  = {68},
  number  = {1},
  pages   = {105--112},
  year    = {1981}
}

@article{KEYNOTE048,
  title     = {Pembrolizumab alone or with chemotherapy versus cetuximab with chemotherapy for recurrent or metastatic squamous cell carcinoma of the head and neck (KEYNOTE-048): a randomised, open-label, phase 3 study},
  author    = {Burtness, Barbara and Harrington, Kevin J and Greil, Richard and Souli{\`e}res, Denis and Tahara, Makoto and de Castro Jr, Gilberto and Psyrri, Amanda and Bast{\'e}, Neus and Neupane, Prakash and Bratland, {\AA}se and others},
  journal   = {The Lancet},
  volume    = {394},
  number    = {10212},
  pages     = {1915--1928},
  year      = {2019},
  publisher = {Elsevier}
}

@article{KEYNOTE189,
  title     = {Pembrolizumab plus chemotherapy in metastatic non--small-cell lung cancer},
  author    = {Gandhi, Leena and Rodr{\'\i}guez-Abreu, Delvys and Gadgeel, Shirish and Esteban, Emilio and Felip, Enriqueta and De Angelis, Fl{\'a}via and Domine, Manuel and Clingan, Philip and Hochmair, Maximilian J and Powell, Steven F and others},
  journal   = {New England Journal of Medicine},
  volume    = {378},
  number    = {22},
  pages     = {2078--2092},
  year      = {2018},
  publisher = {Mass Medical Soc}
}

@article{KimTsiatis,
  author  = {Kim, Kyungmann  and Anastasios A. Tsiatis},
  title   = {Study duration for clinical trials with survival response and early stopping rule},
  journal = {Biometrics},
  volume  = {46},
  year    = {1990},
  pages   = {81--92}
}

@article{Lachin1981,
  title     = {Introduction to sample size determination and power analysis for clinical trials},
  author    = {Lachin, John M},
  journal   = {Controlled Clinical Trials},
  volume    = {2},
  number    = {2},
  pages     = {93--113},
  year      = {1981},
  publisher = {Elsevier}
}

@article{LachinFoulkes,
  author  = {Lachin, John M. and Foulkes, Mary A.},
  title   = {Evaluation of sample size and power for analyses of survival with allowance for nonuniform patient entry, losses to follow-up, noncompliance, and stratification},
  journal = {Biometrics},
  volume  = {42},
  year    = {1986},
  pages   = {507--519}
}

@article{LanDeMets,
  author  = {Lan, K.~K.~G. and DeMets, David L.},
  title   = {Discrete sequential boundaries for clinical trials},
  journal = {Biometrika},
  volume  = {70},
  year    = {1983},
  pages   = {659--663}
}

@article{LanDeMets1989,
  author  = {Lan, K.~K.~G. and DeMets, David L.},
  title   = {Group sequential procedures: Calendar versus information time},
  journal = {Statistics in Medicine},
  volume  = {8},
  year    = {1989},
  pages   = {1191--1198}
}

@article{LiuAnderson2008,
  title     = {On adaptive extensions of group sequential trials for clinical investigations},
  author    = {Liu, Qing and Anderson, Keaven M},
  journal   = {Journal of the American Statistical Association},
  volume    = {103},
  number    = {484},
  pages     = {1621--1630},
  year      = {2008},
  publisher = {Taylor \& Francis}
}

@article{MaurerBretz2013,
  author  = {Willi Maurer and Frank Bretz},
  title   = {Multiple testing in group sequential trials using graphical approaches},
  journal = {Statistics in Biopharmaceutical Research},
  volume  = {5},
  year    = {2013},
  pages   = {311--320}
}

@article{OBF,
  title = {A General Procedure for Data Monitoring in Clinical Trials},
  author = {O'Brien, Peter C. and Fleming, Thomas R.},
  journal = {Biometrics},
  volume = {35},
  number = {3},
  pages = {549--556},
  year = {1979},
  doi = {10.2307/2530245}
}

@article{pocock1977,
  title = {Group Sequential Methods in the Design and Analysis of Clinical Trials},
  author = {Pocock, Stuart J.},
  journal = {Biometrika},
  volume = {64},
  number = {2},
  pages = {191--199},
  year = {1977},
  doi = {10.1093/biomet/64.2.191}
}

@book{PLWBook,
  author    = {Michael A. Proschan and  K. K. Gordon Lan and Janet Turk Wittes},
  title     = {Statistical Monitoring of Clinical Trials: A Unified Approach},
  publisher = {Springer},
  address   = {New York, NY},
  year      = {2006}
}

@article{PoissonMixture2009,
  title     = {On the unification of long-term survival models},
  author    = {Rodrigues, Josemar and Cancho, Vicente G and de Castro, M{\'a}rio and Louzada-Neto, Francisco},
  journal   = {Statistics \& Probability Letters},
  volume    = {79},
  number    = {6},
  pages     = {753--759},
  year      = {2009},
  publisher = {Elsevier}
}

@article{rosner1988exact,
  title={Exact confidence intervals following a group sequential trial: A comparison of methods},
  author={Rosner, Gary L and Tsiatis, Anastasios A},
  journal={Biometrika},
  volume={75},
  number={4},
  pages={723--729},
  year={1988},
  publisher={Oxford University Press}
}

@article{Schemper2009,
  title   = {The estimation of average hazard ratios by weighted Cox regression},
  author  = {Schemper, Michael and Wakounig, Samo and Heinze, Georg},
  journal = {Statistics in Medicine},
  volume  = {28},
  number  = {19},
  pages   = {2473--2489},
  year    = {2009}
}

@article{Schoenfeld1981,
  title     = {The asymptotic properties of nonparametric tests for comparing survival distributions},
  author    = {Schoenfeld, David},
  journal   = {Biometrika},
  volume    = {68},
  number    = {1},
  pages     = {316--319},
  year      = {1981},
  publisher = {Oxford University Press}
}
@article{SPUTNIK2021,
  title     = {Safety and efficacy of an rAd26 and rAd5 vector-based heterologous prime-boost COVID-19 vaccine: an interim analysis of a randomised controlled phase 3 trial in Russia},
  author    = {Logunov, Denis Y and Dolzhikova, Inna V and Shcheblyakov, Dmitry V and Tukhvatulin, Amir I and Zubkova, Olga V and Dzharullaeva, Alina S and Kovyrshina, Anna V and Lubenets, Nadezhda L and Grousova, Daria M and Erokhova, Alina S and others},
  journal   = {The Lancet},
  volume    = {397},
  number    = {10275},
  pages     = {671--681},
  year      = {2021},
  publisher = {Elsevier}
}

@inbook{wald1947sequential,
  title     = {The sequential probability ratio test for testing a simple hypothesis $H_0$ against a single alternative $H_1$},
  author    = {Wald, Abraham},
  booktitle = {Sequential Analysis},
  publisher = {Dover New York},
  year      = {1947}
}

@article{wald1948optimum,
  title     = {Optimum character of the sequential probability ratio test},
  author    = {Wald, Abraham and Wolfowitz, Jacob},
  journal   = {The Annals of Mathematical Statistics},
  volume    = {19},
  number    = {3},
  pages     = {326--339},
  year      = {1948},
  publisher = {JSTOR}
}

@phdthesis{wan2013,
  author = {Wan, Hong},
  title = {Issues in Group Sequential Design},
  school = {University of Pennsylvania},
  year = {2013}
}
